{1:F01            0000000000}{2:O9400000231225            00000000002312250958N}{4:
:20:0000494883
:25:90005050
:28C:1/1
:60F:C231225CZK999999,99
:61:231225CK0,01NMSC//3313724563
:86:698?00BILLING INVOICE PAID?27/REF/99999
:61:231225CK0,01NINT//3313724563
:86:654?00DR.INT.CURR.PERIOD?27/REF/NONREF
:61:231225DK1000000,00NMSC//3313724563
/CTC/056/XB ZERO BALANCE TRN
:86:/PT/DE/EI/815 77777
:62F:C231225CZK0,01
-}
